%YAML 1.1
%TAG !u! tag:unity3d.com,2011:
--- !u!1 &145468572783022534
GameObject:
  m_ObjectHideFlags: 0
  m_CorrespondingSourceObject: {fileID: 0}
  m_PrefabInstance: {fileID: 0}
  m_PrefabAsset: {fileID: 0}
  serializedVersion: 6
  m_Component:
  - component: {fileID: 555237436757055466}
  - component: {fileID: 7183410821536390788}
  - component: {fileID: 1586517488057936978}
  - component: {fileID: 1055006975995553711}
  m_Layer: 0
  m_Name: shootPoint
  m_TagString: Untagged
  m_Icon: {fileID: 0}
  m_NavMeshLayer: 0
  m_StaticEditorFlags: 0
  m_IsActive: 1
--- !u!4 &555237436757055466
Transform:
  m_ObjectHideFlags: 0
  m_CorrespondingSourceObject: {fileID: 0}
  m_PrefabInstance: {fileID: 0}
  m_PrefabAsset: {fileID: 0}
  m_GameObject: {fileID: 145468572783022534}
  m_LocalRotation: {x: 0.49622664, y: 0.49417534, z: -0.5057798, w: 0.50372285}
  m_LocalPosition: {x: 0.0011, y: -0.0003, z: -0.0045}
  m_LocalScale: {x: 0.0065538385, y: 0.00655384, z: 0.0051716333}
  m_Children: []
  m_Father: {fileID: 1821937161755163478}
  m_RootOrder: 0
  m_LocalEulerAnglesHint: {x: 0, y: 0, z: 0}
--- !u!33 &7183410821536390788
MeshFilter:
  m_ObjectHideFlags: 0
  m_CorrespondingSourceObject: {fileID: 0}
  m_PrefabInstance: {fileID: 0}
  m_PrefabAsset: {fileID: 0}
  m_GameObject: {fileID: 145468572783022534}
  m_Mesh: {fileID: 10202, guid: 0000000000000000e000000000000000, type: 0}
--- !u!23 &1586517488057936978
MeshRenderer:
  m_ObjectHideFlags: 0
  m_CorrespondingSourceObject: {fileID: 0}
  m_PrefabInstance: {fileID: 0}
  m_PrefabAsset: {fileID: 0}
  m_GameObject: {fileID: 145468572783022534}
  m_Enabled: 1
  m_CastShadows: 1
  m_ReceiveShadows: 1
  m_DynamicOccludee: 1
  m_MotionVectors: 1
  m_LightProbeUsage: 1
  m_ReflectionProbeUsage: 1
  m_RenderingLayerMask: 1
  m_RendererPriority: 0
  m_Materials:
  - {fileID: 10303, guid: 0000000000000000f000000000000000, type: 0}
  m_StaticBatchInfo:
    firstSubMesh: 0
    subMeshCount: 0
  m_StaticBatchRoot: {fileID: 0}
  m_ProbeAnchor: {fileID: 0}
  m_LightProbeVolumeOverride: {fileID: 0}
  m_ScaleInLightmap: 1
  m_PreserveUVs: 0
  m_IgnoreNormalsForChartDetection: 0
  m_ImportantGI: 0
  m_StitchLightmapSeams: 0
  m_SelectedEditorRenderState: 3
  m_MinimumChartSize: 4
  m_AutoUVMaxDistance: 0.5
  m_AutoUVMaxAngle: 89
  m_LightmapParameters: {fileID: 0}
  m_SortingLayerID: 0
  m_SortingLayer: 0
  m_SortingOrder: 0
--- !u!65 &1055006975995553711
BoxCollider:
  m_ObjectHideFlags: 0
  m_CorrespondingSourceObject: {fileID: 0}
  m_PrefabInstance: {fileID: 0}
  m_PrefabAsset: {fileID: 0}
  m_GameObject: {fileID: 145468572783022534}
  m_Material: {fileID: 0}
  m_IsTrigger: 0
  m_Enabled: 1
  serializedVersion: 2
  m_Size: {x: 1, y: 1, z: 1}
  m_Center: {x: 0, y: 0, z: 0}
--- !u!1 &2881246113881159267
GameObject:
  m_ObjectHideFlags: 0
  m_CorrespondingSourceObject: {fileID: 0}
  m_PrefabInstance: {fileID: 0}
  m_PrefabAsset: {fileID: 0}
  serializedVersion: 6
  m_Component:
  - component: {fileID: 8539513852956591960}
  - component: {fileID: 6580233244212478469}
  - component: {fileID: 7118779376354615668}
  - component: {fileID: 8035488853302525206}
  - component: {fileID: 8947513351413745868}
  - component: {fileID: 5166344578949661544}
  - component: {fileID: 95709867809954550}
  - component: {fileID: 82543578878779668}
  m_Layer: 0
  m_Name: Enemy
  m_TagString: Enemy
  m_Icon: {fileID: 0}
  m_NavMeshLayer: 0
  m_StaticEditorFlags: 0
  m_IsActive: 1
--- !u!4 &8539513852956591960
Transform:
  m_ObjectHideFlags: 0
  m_CorrespondingSourceObject: {fileID: 0}
  m_PrefabInstance: {fileID: 0}
  m_PrefabAsset: {fileID: 0}
  m_GameObject: {fileID: 2881246113881159267}
  m_LocalRotation: {x: 0, y: 0, z: 0, w: 1}
  m_LocalPosition: {x: -7.84, y: 1.41, z: 5.2}
  m_LocalScale: {x: 1.6962401, y: 2, z: 1}
  m_Children:
  - {fileID: 8539513851361120316}
  - {fileID: 1821937161755163478}
  m_Father: {fileID: 0}
  m_RootOrder: 0
  m_LocalEulerAnglesHint: {x: 0, y: 0, z: 0}
--- !u!23 &6580233244212478469
MeshRenderer:
  m_ObjectHideFlags: 0
  m_CorrespondingSourceObject: {fileID: 0}
  m_PrefabInstance: {fileID: 0}
  m_PrefabAsset: {fileID: 0}
  m_GameObject: {fileID: 2881246113881159267}
  m_Enabled: 1
  m_CastShadows: 1
  m_ReceiveShadows: 1
  m_DynamicOccludee: 1
  m_MotionVectors: 1
  m_LightProbeUsage: 1
  m_ReflectionProbeUsage: 1
  m_RenderingLayerMask: 1
  m_RendererPriority: 0
  m_Materials:
  - {fileID: 2100000, guid: a24037aa2dae5b145b048dcaf948032a, type: 2}
  m_StaticBatchInfo:
    firstSubMesh: 0
    subMeshCount: 0
  m_StaticBatchRoot: {fileID: 0}
  m_ProbeAnchor: {fileID: 0}
  m_LightProbeVolumeOverride: {fileID: 0}
  m_ScaleInLightmap: 1
  m_PreserveUVs: 0
  m_IgnoreNormalsForChartDetection: 0
  m_ImportantGI: 0
  m_StitchLightmapSeams: 0
  m_SelectedEditorRenderState: 3
  m_MinimumChartSize: 4
  m_AutoUVMaxDistance: 0.5
  m_AutoUVMaxAngle: 89
  m_LightmapParameters: {fileID: 0}
  m_SortingLayerID: 0
  m_SortingLayer: 0
  m_SortingOrder: 0
--- !u!65 &7118779376354615668
BoxCollider:
  m_ObjectHideFlags: 0
  m_CorrespondingSourceObject: {fileID: 0}
  m_PrefabInstance: {fileID: 0}
  m_PrefabAsset: {fileID: 0}
  m_GameObject: {fileID: 2881246113881159267}
  m_Material: {fileID: 0}
  m_IsTrigger: 0
  m_Enabled: 1
  serializedVersion: 2
  m_Size: {x: 1, y: 1, z: 1}
  m_Center: {x: 0, y: 0, z: 0}
--- !u!114 &8035488853302525206
MonoBehaviour:
  m_ObjectHideFlags: 0
  m_CorrespondingSourceObject: {fileID: 0}
  m_PrefabInstance: {fileID: 0}
  m_PrefabAsset: {fileID: 0}
  m_GameObject: {fileID: 2881246113881159267}
  m_Enabled: 1
  m_EditorHideFlags: 0
  m_Script: {fileID: 11500000, guid: b7ef1cb9d63d6c14b8a4a42b9bcfbd38, type: 3}
  m_Name: 
  m_EditorClassIdentifier: 
  vida: 100
  maxVida: 100
  velocidad: 2
  "da\xF1o": 4
  particle: {fileID: 1750940742320366, guid: ec1383a81f8b26e41bd5795fba065567, type: 3}
  gameManager: {fileID: 2734919511644976834, guid: 7bede57b57ec817499f704e0ca37ba4b,
    type: 3}
  bullet: {fileID: 100004, guid: c5bdbe4a6bcc04a41a2a812f6ae7067e, type: 3}
  gun: {fileID: 145468572783022534}
  _leftHandController: {fileID: 2682870645383465181, guid: fec3c53d8b26d624881b80353f20b5ca,
    type: 3}
  gunCoolDownTime: 2
--- !u!54 &8947513351413745868
Rigidbody:
  m_ObjectHideFlags: 0
  m_CorrespondingSourceObject: {fileID: 0}
  m_PrefabInstance: {fileID: 0}
  m_PrefabAsset: {fileID: 0}
  m_GameObject: {fileID: 2881246113881159267}
  serializedVersion: 2
  m_Mass: 1
  m_Drag: 0
  m_AngularDrag: 0.05
  m_UseGravity: 1
  m_IsKinematic: 0
  m_Interpolate: 0
  m_Constraints: 0
  m_CollisionDetection: 0
--- !u!114 &5166344578949661544
MonoBehaviour:
  m_ObjectHideFlags: 0
  m_CorrespondingSourceObject: {fileID: 0}
  m_PrefabInstance: {fileID: 0}
  m_PrefabAsset: {fileID: 0}
  m_GameObject: {fileID: 2881246113881159267}
  m_Enabled: 1
  m_EditorHideFlags: 0
  m_Script: {fileID: 11500000, guid: 464b8b8ba624da34ca74d908d179b51e, type: 3}
  m_Name: 
  m_EditorClassIdentifier: 
--- !u!95 &95709867809954550
Animator:
  serializedVersion: 3
  m_ObjectHideFlags: 0
  m_CorrespondingSourceObject: {fileID: 0}
  m_PrefabInstance: {fileID: 0}
  m_PrefabAsset: {fileID: 0}
  m_GameObject: {fileID: 2881246113881159267}
  m_Enabled: 1
  m_Avatar: {fileID: 9000000, guid: 3a5da0b1f5509de48ac394e6c00a281e, type: 3}
  m_Controller: {fileID: 9100000, guid: eb0a8226e2d10de4a859c0f5ca05aad1, type: 2}
  m_CullingMode: 0
  m_UpdateMode: 0
  m_ApplyRootMotion: 0
  m_LinearVelocityBlending: 0
  m_WarningMessage: 
  m_HasTransformHierarchy: 1
  m_AllowConstantClipSamplingOptimization: 1
  m_KeepAnimatorControllerStateOnDisable: 0
--- !u!82 &82543578878779668
AudioSource:
  m_ObjectHideFlags: 0
  m_CorrespondingSourceObject: {fileID: 0}
  m_PrefabInstance: {fileID: 0}
  m_PrefabAsset: {fileID: 0}
  m_GameObject: {fileID: 2881246113881159267}
  m_Enabled: 1
  serializedVersion: 4
  OutputAudioMixerGroup: {fileID: 0}
  m_audioClip: {fileID: 8300000, guid: 9c59abd2da70db142b0e4f93b0c98267, type: 3}
  m_PlayOnAwake: 0
  m_Volume: 1
  m_Pitch: 1
  Loop: 0
  Mute: 0
  Spatialize: 0
  SpatializePostEffects: 0
  Priority: 128
  DopplerLevel: 1
  MinDistance: 1
  MaxDistance: 500
  Pan2D: 0
  rolloffMode: 0
  BypassEffects: 0
  BypassListenerEffects: 0
  BypassReverbZones: 0
  rolloffCustomCurve:
    serializedVersion: 2
    m_Curve:
    - serializedVersion: 3
      time: 0
      value: 1
      inSlope: 0
      outSlope: 0
      tangentMode: 0
      weightedMode: 0
      inWeight: 0.33333334
      outWeight: 0.33333334
    - serializedVersion: 3
      time: 1
      value: 0
      inSlope: 0
      outSlope: 0
      tangentMode: 0
      weightedMode: 0
      inWeight: 0.33333334
      outWeight: 0.33333334
    m_PreInfinity: 2
    m_PostInfinity: 2
    m_RotationOrder: 4
  panLevelCustomCurve:
    serializedVersion: 2
    m_Curve:
    - serializedVersion: 3
      time: 0
      value: 0
      inSlope: 0
      outSlope: 0
      tangentMode: 0
      weightedMode: 0
      inWeight: 0.33333334
      outWeight: 0.33333334
    m_PreInfinity: 2
    m_PostInfinity: 2
    m_RotationOrder: 4
  spreadCustomCurve:
    serializedVersion: 2
    m_Curve:
    - serializedVersion: 3
      time: 0
      value: 0
      inSlope: 0
      outSlope: 0
      tangentMode: 0
      weightedMode: 0
      inWeight: 0.33333334
      outWeight: 0.33333334
    m_PreInfinity: 2
    m_PostInfinity: 2
    m_RotationOrder: 4
  reverbZoneMixCustomCurve:
    serializedVersion: 2
    m_Curve:
    - serializedVersion: 3
      time: 0
      value: 1
      inSlope: 0
      outSlope: 0
      tangentMode: 0
      weightedMode: 0
      inWeight: 0.33333334
      outWeight: 0.33333334
    m_PreInfinity: 2
    m_PostInfinity: 2
    m_RotationOrder: 4
--- !u!1001 &2116598591573888779
PrefabInstance:
  m_ObjectHideFlags: 0
  serializedVersion: 2
  m_Modification:
    m_TransformParent: {fileID: 8539513852956591960}
    m_Modifications:
    - target: {fileID: 294837369434204285, guid: 8fd4632d31644ae4a9779e4c5430e283,
        type: 3}
      propertyPath: m_Name
      value: CA-87_2 Variant
      objectReference: {fileID: 0}
    - target: {fileID: 294837369434371165, guid: 8fd4632d31644ae4a9779e4c5430e283,
        type: 3}
      propertyPath: m_LocalPosition.x
      value: 0.081
      objectReference: {fileID: 0}
    - target: {fileID: 294837369434371165, guid: 8fd4632d31644ae4a9779e4c5430e283,
        type: 3}
      propertyPath: m_LocalPosition.y
      value: 0.166
      objectReference: {fileID: 0}
    - target: {fileID: 294837369434371165, guid: 8fd4632d31644ae4a9779e4c5430e283,
        type: 3}
      propertyPath: m_LocalPosition.z
      value: 0.299
      objectReference: {fileID: 0}
    - target: {fileID: 294837369434371165, guid: 8fd4632d31644ae4a9779e4c5430e283,
        type: 3}
      propertyPath: m_LocalRotation.x
      value: -0.7085519
      objectReference: {fileID: 0}
    - target: {fileID: 294837369434371165, guid: 8fd4632d31644ae4a9779e4c5430e283,
        type: 3}
      propertyPath: m_LocalRotation.y
      value: -0.70564693
      objectReference: {fileID: 0}
    - target: {fileID: 294837369434371165, guid: 8fd4632d31644ae4a9779e4c5430e283,
        type: 3}
      propertyPath: m_LocalRotation.z
      value: 0.0028834464
      objectReference: {fileID: 0}
    - target: {fileID: 294837369434371165, guid: 8fd4632d31644ae4a9779e4c5430e283,
        type: 3}
      propertyPath: m_LocalRotation.w
      value: 0.0028953112
      objectReference: {fileID: 0}
    - target: {fileID: 294837369434371165, guid: 8fd4632d31644ae4a9779e4c5430e283,
        type: 3}
      propertyPath: m_RootOrder
      value: 1
      objectReference: {fileID: 0}
    - target: {fileID: 294837369434371165, guid: 8fd4632d31644ae4a9779e4c5430e283,
        type: 3}
      propertyPath: m_LocalEulerAnglesHint.x
      value: -0.002
      objectReference: {fileID: 0}
    - target: {fileID: 294837369434371165, guid: 8fd4632d31644ae4a9779e4c5430e283,
        type: 3}
      propertyPath: m_LocalEulerAnglesHint.y
      value: -179.53201
      objectReference: {fileID: 0}
    - target: {fileID: 294837369434371165, guid: 8fd4632d31644ae4a9779e4c5430e283,
        type: 3}
      propertyPath: m_LocalEulerAnglesHint.z
      value: 90.235
      objectReference: {fileID: 0}
    - target: {fileID: 294837369434371165, guid: 8fd4632d31644ae4a9779e4c5430e283,
        type: 3}
      propertyPath: m_LocalScale.x
      value: 9.367336
      objectReference: {fileID: 0}
    - target: {fileID: 294837369434371165, guid: 8fd4632d31644ae4a9779e4c5430e283,
        type: 3}
      propertyPath: m_LocalScale.y
      value: 9.367336
      objectReference: {fileID: 0}
    - target: {fileID: 294837369434371165, guid: 8fd4632d31644ae4a9779e4c5430e283,
        type: 3}
      propertyPath: m_LocalScale.z
      value: 9.367336
      objectReference: {fileID: 0}
    m_RemovedComponents: []
  m_SourcePrefab: {fileID: 100100000, guid: 8fd4632d31644ae4a9779e4c5430e283, type: 3}
--- !u!4 &1821937161755163478 stripped
Transform:
  m_CorrespondingSourceObject: {fileID: 294837369434371165, guid: 8fd4632d31644ae4a9779e4c5430e283,
    type: 3}
  m_PrefabInstance: {fileID: 2116598591573888779}
  m_PrefabAsset: {fileID: 0}
--- !u!1001 &8539513851361512126
PrefabInstance:
  m_ObjectHideFlags: 0
  serializedVersion: 2
  m_Modification:
    m_TransformParent: {fileID: 8539513852956591960}
    m_Modifications:
    - target: {fileID: 100002, guid: 3a5da0b1f5509de48ac394e6c00a281e, type: 3}
      propertyPath: m_Name
      value: bandido1AnimsGood
      objectReference: {fileID: 0}
    - target: {fileID: 100066, guid: 3a5da0b1f5509de48ac394e6c00a281e, type: 3}
      propertyPath: m_IsActive
      value: 0
      objectReference: {fileID: 0}
    - target: {fileID: 400002, guid: 3a5da0b1f5509de48ac394e6c00a281e, type: 3}
      propertyPath: m_LocalPosition.x
      value: 0
      objectReference: {fileID: 0}
    - target: {fileID: 400002, guid: 3a5da0b1f5509de48ac394e6c00a281e, type: 3}
      propertyPath: m_LocalPosition.y
      value: -0.702
      objectReference: {fileID: 0}
    - target: {fileID: 400002, guid: 3a5da0b1f5509de48ac394e6c00a281e, type: 3}
      propertyPath: m_LocalPosition.z
      value: 0
      objectReference: {fileID: 0}
    - target: {fileID: 400002, guid: 3a5da0b1f5509de48ac394e6c00a281e, type: 3}
      propertyPath: m_LocalRotation.x
      value: 0
      objectReference: {fileID: 0}
    - target: {fileID: 400002, guid: 3a5da0b1f5509de48ac394e6c00a281e, type: 3}
      propertyPath: m_LocalRotation.y
      value: 0
      objectReference: {fileID: 0}
    - target: {fileID: 400002, guid: 3a5da0b1f5509de48ac394e6c00a281e, type: 3}
      propertyPath: m_LocalRotation.z
      value: 0
      objectReference: {fileID: 0}
    - target: {fileID: 400002, guid: 3a5da0b1f5509de48ac394e6c00a281e, type: 3}
      propertyPath: m_LocalRotation.w
      value: 1
      objectReference: {fileID: 0}
    - target: {fileID: 400002, guid: 3a5da0b1f5509de48ac394e6c00a281e, type: 3}
      propertyPath: m_RootOrder
      value: 0
      objectReference: {fileID: 0}
    - target: {fileID: 400002, guid: 3a5da0b1f5509de48ac394e6c00a281e, type: 3}
      propertyPath: m_LocalEulerAnglesHint.x
      value: 0
      objectReference: {fileID: 0}
    - target: {fileID: 400002, guid: 3a5da0b1f5509de48ac394e6c00a281e, type: 3}
      propertyPath: m_LocalEulerAnglesHint.y
      value: 0
      objectReference: {fileID: 0}
    - target: {fileID: 400002, guid: 3a5da0b1f5509de48ac394e6c00a281e, type: 3}
      propertyPath: m_LocalEulerAnglesHint.z
      value: 0
      objectReference: {fileID: 0}
    - target: {fileID: 400002, guid: 3a5da0b1f5509de48ac394e6c00a281e, type: 3}
      propertyPath: m_LocalScale.x
      value: 0.1
      objectReference: {fileID: 0}
    - target: {fileID: 400002, guid: 3a5da0b1f5509de48ac394e6c00a281e, type: 3}
      propertyPath: m_LocalScale.y
      value: 0.1
      objectReference: {fileID: 0}
    - target: {fileID: 400002, guid: 3a5da0b1f5509de48ac394e6c00a281e, type: 3}
      propertyPath: m_LocalScale.z
      value: 0.1
      objectReference: {fileID: 0}
    m_RemovedComponents: []
  m_SourcePrefab: {fileID: 100100000, guid: 3a5da0b1f5509de48ac394e6c00a281e, type: 3}
--- !u!4 &8539513851361120316 stripped
Transform:
  m_CorrespondingSourceObject: {fileID: 400002, guid: 3a5da0b1f5509de48ac394e6c00a281e,
    type: 3}
  m_PrefabInstance: {fileID: 8539513851361512126}
  m_PrefabAsset: {fileID: 0}
