%YAML 1.1
%TAG !u! tag:unity3d.com,2011:
--- !u!1 &2682870644825650913
GameObject:
  m_ObjectHideFlags: 0
  m_CorrespondingSourceObject: {fileID: 0}
  m_PrefabInstance: {fileID: 0}
  m_PrefabAsset: {fileID: 0}
  serializedVersion: 6
  m_Component:
  - component: {fileID: 2682870644825650912}
  - component: {fileID: 2682870644825650915}
  m_Layer: 0
  m_Name: Mace
  m_TagString: Mace
  m_Icon: {fileID: 0}
  m_NavMeshLayer: 0
  m_StaticEditorFlags: 0
  m_IsActive: 1
--- !u!4 &2682870644825650912
Transform:
  m_ObjectHideFlags: 0
  m_CorrespondingSourceObject: {fileID: 0}
  m_PrefabInstance: {fileID: 0}
  m_PrefabAsset: {fileID: 0}
  m_GameObject: {fileID: 2682870644825650913}
  m_LocalRotation: {x: -0.98181224, y: -0, z: -0, w: 0.18985444}
  m_LocalPosition: {x: -0.81999993, y: -0.8, z: 1.0499998}
  m_LocalScale: {x: 0.1, y: 0.09999999, z: 0.09999999}
  m_Children:
  - {fileID: 2682870645502828985}
  m_Father: {fileID: 2682870645584873690}
  m_RootOrder: 1
  m_LocalEulerAnglesHint: {x: -158.111, y: 0, z: 0}
--- !u!65 &2682870644825650915
BoxCollider:
  m_ObjectHideFlags: 0
  m_CorrespondingSourceObject: {fileID: 0}
  m_PrefabInstance: {fileID: 0}
  m_PrefabAsset: {fileID: 0}
  m_GameObject: {fileID: 2682870644825650913}
  m_Material: {fileID: 0}
  m_IsTrigger: 1
  m_Enabled: 1
  serializedVersion: 2
  m_Size: {x: 5.9106016, y: 4.859406, z: 5.115864}
  m_Center: {x: 3.60744, y: -6.3482537, z: -0.009531372}
--- !u!1 &2682870645502828990
GameObject:
  m_ObjectHideFlags: 0
  m_CorrespondingSourceObject: {fileID: 0}
  m_PrefabInstance: {fileID: 0}
  m_PrefabAsset: {fileID: 0}
  serializedVersion: 6
  m_Component:
  - component: {fileID: 2682870645502828985}
  - component: {fileID: 2682870645502828987}
  - component: {fileID: 2682870645502828984}
  m_Layer: 0
  m_Name: default
  m_TagString: Untagged
  m_Icon: {fileID: 0}
  m_NavMeshLayer: 0
  m_StaticEditorFlags: 0
  m_IsActive: 1
--- !u!4 &2682870645502828985
Transform:
  m_ObjectHideFlags: 0
  m_CorrespondingSourceObject: {fileID: 0}
  m_PrefabInstance: {fileID: 0}
  m_PrefabAsset: {fileID: 0}
  m_GameObject: {fileID: 2682870645502828990}
  m_LocalRotation: {x: 0, y: -0, z: -0, w: 1}
  m_LocalPosition: {x: 3.5, y: -3.4, z: 0}
  m_LocalScale: {x: 1, y: 1, z: 1}
  m_Children: []
  m_Father: {fileID: 2682870644825650912}
  m_RootOrder: 0
  m_LocalEulerAnglesHint: {x: 0, y: 0, z: 0}
--- !u!33 &2682870645502828987
MeshFilter:
  m_ObjectHideFlags: 0
  m_CorrespondingSourceObject: {fileID: 0}
  m_PrefabInstance: {fileID: 0}
  m_PrefabAsset: {fileID: 0}
  m_GameObject: {fileID: 2682870645502828990}
  m_Mesh: {fileID: 4300000, guid: 751a62a8acfe9724d9adf9161b00e5e5, type: 3}
--- !u!23 &2682870645502828984
MeshRenderer:
  m_ObjectHideFlags: 0
  m_CorrespondingSourceObject: {fileID: 0}
  m_PrefabInstance: {fileID: 0}
  m_PrefabAsset: {fileID: 0}
  m_GameObject: {fileID: 2682870645502828990}
  m_Enabled: 1
  m_CastShadows: 1
  m_ReceiveShadows: 1
  m_DynamicOccludee: 1
  m_MotionVectors: 1
  m_LightProbeUsage: 1
  m_ReflectionProbeUsage: 1
  m_RenderingLayerMask: 1
  m_RendererPriority: 0
  m_Materials:
  - {fileID: 2100000, guid: 5795d74a8b16b1f4681de32530ddc60e, type: 2}
  m_StaticBatchInfo:
    firstSubMesh: 0
    subMeshCount: 0
  m_StaticBatchRoot: {fileID: 0}
  m_ProbeAnchor: {fileID: 0}
  m_LightProbeVolumeOverride: {fileID: 0}
  m_ScaleInLightmap: 1
  m_PreserveUVs: 0
  m_IgnoreNormalsForChartDetection: 0
  m_ImportantGI: 0
  m_StitchLightmapSeams: 0
  m_SelectedEditorRenderState: 3
  m_MinimumChartSize: 4
  m_AutoUVMaxDistance: 0.5
  m_AutoUVMaxAngle: 89
  m_LightmapParameters: {fileID: 0}
  m_SortingLayerID: 0
  m_SortingLayer: 0
  m_SortingOrder: 0
--- !u!1 &2682870645584873691
GameObject:
  m_ObjectHideFlags: 0
  m_CorrespondingSourceObject: {fileID: 0}
  m_PrefabInstance: {fileID: 0}
  m_PrefabAsset: {fileID: 0}
  serializedVersion: 6
  m_Component:
  - component: {fileID: 2682870645584873690}
  - component: {fileID: 2682870645584873665}
  - component: {fileID: 2682870645584873670}
  - component: {fileID: 2682870645584873671}
  - component: {fileID: 2682870645584873668}
  - component: {fileID: 2682870645584873669}
  - component: {fileID: 1017328574}
  - component: {fileID: 1017328575}
  m_Layer: 0
  m_Name: FirstPersonCharacter
  m_TagString: MainCamera
  m_Icon: {fileID: 0}
  m_NavMeshLayer: 0
  m_StaticEditorFlags: 0
  m_IsActive: 1
--- !u!4 &2682870645584873690
Transform:
  m_ObjectHideFlags: 0
  m_CorrespondingSourceObject: {fileID: 0}
  m_PrefabInstance: {fileID: 0}
  m_PrefabAsset: {fileID: 0}
  m_GameObject: {fileID: 2682870645584873691}
  m_LocalRotation: {x: 0, y: 0, z: 0, w: 1}
  m_LocalPosition: {x: 0, y: 0.8, z: 0}
  m_LocalScale: {x: 1, y: 1, z: 1}
  m_Children:
  - {fileID: 2993368618707350435}
  - {fileID: 2682870644825650912}
  m_Father: {fileID: 2682870644814871720}
  m_RootOrder: 0
  m_LocalEulerAnglesHint: {x: 0, y: 0, z: 0}
--- !u!20 &2682870645584873665
Camera:
  m_ObjectHideFlags: 0
  m_CorrespondingSourceObject: {fileID: 0}
  m_PrefabInstance: {fileID: 0}
  m_PrefabAsset: {fileID: 0}
  m_GameObject: {fileID: 2682870645584873691}
  m_Enabled: 1
  serializedVersion: 2
  m_ClearFlags: 1
  m_BackGroundColor: {r: 0.19215687, g: 0.3019608, b: 0.4745098, a: 0.019607844}
  m_projectionMatrixMode: 1
  m_SensorSize: {x: 36, y: 24}
  m_LensShift: {x: 0, y: 0}
  m_GateFitMode: 2
  m_FocalLength: 50
  m_NormalizedViewPortRect:
    serializedVersion: 2
    x: 0
    y: 0
    width: 1
    height: 1
  near clip plane: 0.3
  far clip plane: 1000
  field of view: 60
  orthographic: 0
  orthographic size: 5
  m_Depth: 0
  m_CullingMask:
    serializedVersion: 2
    m_Bits: 4294967295
  m_RenderingPath: -1
  m_TargetTexture: {fileID: 0}
  m_TargetDisplay: 0
  m_TargetEye: 3
  m_HDR: 1
  m_AllowMSAA: 1
  m_AllowDynamicResolution: 0
  m_ForceIntoRT: 0
  m_OcclusionCulling: 1
  m_StereoConvergence: 10
  m_StereoSeparation: 0.022
--- !u!81 &2682870645584873670
AudioListener:
  m_ObjectHideFlags: 0
  m_CorrespondingSourceObject: {fileID: 0}
  m_PrefabInstance: {fileID: 0}
  m_PrefabAsset: {fileID: 0}
  m_GameObject: {fileID: 2682870645584873691}
  m_Enabled: 1
--- !u!124 &2682870645584873671
Behaviour:
  m_ObjectHideFlags: 0
  m_CorrespondingSourceObject: {fileID: 0}
  m_PrefabInstance: {fileID: 0}
  m_PrefabAsset: {fileID: 0}
  m_GameObject: {fileID: 2682870645584873691}
  m_Enabled: 1
--- !u!114 &2682870645584873668
MonoBehaviour:
  m_ObjectHideFlags: 0
  m_CorrespondingSourceObject: {fileID: 0}
  m_PrefabInstance: {fileID: 0}
  m_PrefabAsset: {fileID: 0}
  m_GameObject: {fileID: 2682870645584873691}
  m_Enabled: 1
  m_EditorHideFlags: 0
  m_Script: {fileID: 11500000, guid: 074cb3bc63cb56048a4c6b5177bdcd69, type: 3}
  m_Name: 
  m_EditorClassIdentifier: 
  vida: 1
  maxVida: 100
  velocidad: 2
  "da\xF1o": 5
  mana: 4
  maxMana: 100
  bullet: {fileID: 100002, guid: 391ec6f1311384e75b4888fd6fc26b7e, type: 3}
  wand: {fileID: 2682870646461436196}
  wandCoolDownTime: 0.3
  maxSpray: 2
  hurt: 0
  hurtCoolDown: 1
  _animator: {fileID: 656320530758380463}
  meleeDmg: 50
  pocionVida: 0
  pocionMana: 0
  pocionManaTime: 0
  pocionDamage: 0
  pocionDamageTime: 0
  healed: 0
  shopController: {fileID: 0}
  dieCanvas: {fileID: 0}
--- !u!143 &2682870645584873669
CharacterController:
  m_ObjectHideFlags: 0
  m_CorrespondingSourceObject: {fileID: 0}
  m_PrefabInstance: {fileID: 0}
  m_PrefabAsset: {fileID: 0}
  m_GameObject: {fileID: 2682870645584873691}
  m_Material: {fileID: 0}
  m_IsTrigger: 0
  m_Enabled: 1
  serializedVersion: 2
  m_Height: 2
  m_Radius: 0.5
  m_SlopeLimit: 45
  m_StepOffset: 0.3
  m_SkinWidth: 0.08
  m_MinMoveDistance: 0.001
  m_Center: {x: 0, y: 0, z: 0}
--- !u!95 &1017328574
Animator:
  serializedVersion: 3
  m_ObjectHideFlags: 0
  m_CorrespondingSourceObject: {fileID: 0}
  m_PrefabInstance: {fileID: 0}
  m_PrefabAsset: {fileID: 0}
  m_GameObject: {fileID: 2682870645584873691}
  m_Enabled: 1
  m_Avatar: {fileID: 0}
  m_Controller: {fileID: 9100000, guid: fcd74af84e9aa57439842d094f70c113, type: 2}
  m_CullingMode: 0
  m_UpdateMode: 0
  m_ApplyRootMotion: 0
  m_LinearVelocityBlending: 0
  m_WarningMessage: 
  m_HasTransformHierarchy: 1
  m_AllowConstantClipSamplingOptimization: 1
  m_KeepAnimatorControllerStateOnDisable: 0
--- !u!114 &1017328575
MonoBehaviour:
  m_ObjectHideFlags: 0
  m_CorrespondingSourceObject: {fileID: 0}
  m_PrefabInstance: {fileID: 0}
  m_PrefabAsset: {fileID: 0}
  m_GameObject: {fileID: 2682870645584873691}
  m_Enabled: 1
  m_EditorHideFlags: 0
  m_Script: {fileID: 11500000, guid: 74c8448334853934585607c737a21832, type: 3}
  m_Name: 
  m_EditorClassIdentifier: 
  leftHandController: {fileID: 2682870645383465181}
--- !u!1 &2682870646461436196
GameObject:
  m_ObjectHideFlags: 0
  m_CorrespondingSourceObject: {fileID: 0}
  m_PrefabInstance: {fileID: 0}
  m_PrefabAsset: {fileID: 0}
  serializedVersion: 6
  m_Component:
  - component: {fileID: 2682870646461436199}
  m_Layer: 0
  m_Name: WeaponShot
  m_TagString: Untagged
  m_Icon: {fileID: 0}
  m_NavMeshLayer: 0
  m_StaticEditorFlags: 0
  m_IsActive: 1
--- !u!4 &2682870646461436199
Transform:
  m_ObjectHideFlags: 0
  m_CorrespondingSourceObject: {fileID: 0}
  m_PrefabInstance: {fileID: 0}
  m_PrefabAsset: {fileID: 0}
  m_GameObject: {fileID: 2682870646461436196}
  m_LocalRotation: {x: 0.5, y: -0.5, z: 0.5, w: -0.5}
  m_LocalPosition: {x: -1.654, y: 0.019, z: 0}
  m_LocalScale: {x: 100.00011, y: 100.00011, z: 100.00003}
  m_Children: []
  m_Father: {fileID: 2993368618707350435}
  m_RootOrder: 3
  m_LocalEulerAnglesHint: {x: 0, y: 90, z: 0}
--- !u!1 &2682870646561402571
GameObject:
  m_ObjectHideFlags: 0
  m_CorrespondingSourceObject: {fileID: 0}
  m_PrefabInstance: {fileID: 0}
  m_PrefabAsset: {fileID: 0}
  serializedVersion: 6
  m_Component:
  - component: {fileID: 2682870644814871720}
  - component: {fileID: 2682870646561402614}
  - component: {fileID: 2682870646561402615}
  - component: {fileID: 2682870646561402612}
  - component: {fileID: 2682870646561402613}
  - component: {fileID: 2682870645383465181}
  m_Layer: 0
  m_Name: FPSController
  m_TagString: Player
  m_Icon: {fileID: 0}
  m_NavMeshLayer: 0
  m_StaticEditorFlags: 0
  m_IsActive: 1
--- !u!4 &2682870644814871720
Transform:
  m_ObjectHideFlags: 0
  m_CorrespondingSourceObject: {fileID: 0}
  m_PrefabInstance: {fileID: 0}
  m_PrefabAsset: {fileID: 0}
  m_GameObject: {fileID: 2682870646561402571}
  m_LocalRotation: {x: 0, y: 0, z: 0, w: 1}
  m_LocalPosition: {x: 4.81, y: 3.36, z: 1.13}
  m_LocalScale: {x: 1, y: 1, z: 1}
  m_Children:
  - {fileID: 2682870645584873690}
  - {fileID: 2032049795455978857}
  m_Father: {fileID: 0}
  m_RootOrder: 0
  m_LocalEulerAnglesHint: {x: 0, y: 0, z: 0}
--- !u!143 &2682870646561402614
CharacterController:
  m_ObjectHideFlags: 0
  m_CorrespondingSourceObject: {fileID: 0}
  m_PrefabInstance: {fileID: 0}
  m_PrefabAsset: {fileID: 0}
  m_GameObject: {fileID: 2682870646561402571}
  m_Material: {fileID: 0}
  m_IsTrigger: 0
  m_Enabled: 1
  serializedVersion: 2
  m_Height: 1.8
  m_Radius: 0.5
  m_SlopeLimit: 45
  m_StepOffset: 0.3
  m_SkinWidth: 0.08
  m_MinMoveDistance: 0
  m_Center: {x: 0, y: 0, z: 0}
--- !u!114 &2682870646561402615
MonoBehaviour:
  m_ObjectHideFlags: 0
  m_CorrespondingSourceObject: {fileID: 0}
  m_PrefabInstance: {fileID: 0}
  m_PrefabAsset: {fileID: 0}
  m_GameObject: {fileID: 2682870646561402571}
  m_Enabled: 1
  m_EditorHideFlags: 0
  m_Script: {fileID: 11500000, guid: 05ec5cf00ca181d45a42ba1870e148c3, type: 3}
  m_Name: 
  m_EditorClassIdentifier: 
  m_IsWalking: 0
  m_WalkSpeed: 5
  m_RunSpeed: 10
  m_RunstepLenghten: 0.7
  m_JumpSpeed: 10
  m_StickToGroundForce: 10
  m_GravityMultiplier: 2
  m_MouseLook:
    XSensitivity: 2
    YSensitivity: 2
    clampVerticalRotation: 1
    MinimumX: -90
    MaximumX: 90
    smooth: 0
    smoothTime: 5
    lockCursor: 1
  m_UseFovKick: 1
  m_FovKick:
    Camera: {fileID: 0}
    originalFov: 0
    FOVIncrease: 3
    TimeToIncrease: 1
    TimeToDecrease: 1
    IncreaseCurve:
      serializedVersion: 2
      m_Curve:
      - serializedVersion: 3
        time: 0
        value: 0
        inSlope: 0
        outSlope: 0
        tangentMode: 0
        weightedMode: 0
        inWeight: 0.33333334
        outWeight: 0.33333334
      - serializedVersion: 3
        time: 1
        value: 1
        inSlope: 2
        outSlope: 2
        tangentMode: 0
        weightedMode: 0
        inWeight: 0.33333334
        outWeight: 0.33333334
      m_PreInfinity: 2
      m_PostInfinity: 2
      m_RotationOrder: 4
  m_UseHeadBob: 1
  m_HeadBob:
    HorizontalBobRange: 0.1
    VerticalBobRange: 0.1
    Bobcurve:
      serializedVersion: 2
      m_Curve:
      - serializedVersion: 3
        time: 0
        value: 0
        inSlope: 0
        outSlope: 0
        tangentMode: 0
        weightedMode: 0
        inWeight: 0.33333334
        outWeight: 0.33333334
      - serializedVersion: 3
        time: 0.5
        value: 1
        inSlope: 0
        outSlope: 0
        tangentMode: 0
        weightedMode: 0
        inWeight: 0.33333334
        outWeight: 0.33333334
      - serializedVersion: 3
        time: 1
        value: 0
        inSlope: 0
        outSlope: 0
        tangentMode: 0
        weightedMode: 0
        inWeight: 0.33333334
        outWeight: 0.33333334
      - serializedVersion: 3
        time: 1.5
        value: -1
        inSlope: 0
        outSlope: 0
        tangentMode: 0
        weightedMode: 0
        inWeight: 0.33333334
        outWeight: 0.33333334
      - serializedVersion: 3
        time: 2
        value: 0
        inSlope: 0
        outSlope: 0
        tangentMode: 0
        weightedMode: 0
        inWeight: 0.33333334
        outWeight: 0.33333334
      m_PreInfinity: 2
      m_PostInfinity: 2
      m_RotationOrder: 4
    VerticaltoHorizontalRatio: 2
  m_JumpBob:
    BobDuration: 0.2
    BobAmount: 0.1
  m_StepInterval: 5
  m_FootstepSounds:
  - {fileID: 8300000, guid: 42e65e088b3f4374e851b8dbd38f3df9, type: 3}
  - {fileID: 8300000, guid: 8bc94ec6ed537e743b481638bdcd503d, type: 3}
  m_JumpSound: {fileID: 8300000, guid: 5897aeed9b676024fbb8c694b421a861, type: 3}
  m_LandSound: {fileID: 8300000, guid: 3b09d59f4499d45428baa7a21e954296, type: 3}
--- !u!54 &2682870646561402612
Rigidbody:
  m_ObjectHideFlags: 0
  m_CorrespondingSourceObject: {fileID: 0}
  m_PrefabInstance: {fileID: 0}
  m_PrefabAsset: {fileID: 0}
  m_GameObject: {fileID: 2682870646561402571}
  serializedVersion: 2
  m_Mass: 1
  m_Drag: 0
  m_AngularDrag: 0.05
  m_UseGravity: 1
  m_IsKinematic: 1
  m_Interpolate: 0
  m_Constraints: 0
  m_CollisionDetection: 0
--- !u!82 &2682870646561402613
AudioSource:
  m_ObjectHideFlags: 0
  m_CorrespondingSourceObject: {fileID: 0}
  m_PrefabInstance: {fileID: 0}
  m_PrefabAsset: {fileID: 0}
  m_GameObject: {fileID: 2682870646561402571}
  m_Enabled: 1
  serializedVersion: 4
  OutputAudioMixerGroup: {fileID: 0}
  m_audioClip: {fileID: 0}
  m_PlayOnAwake: 1
  m_Volume: 1
  m_Pitch: 1
  Loop: 0
  Mute: 0
  Spatialize: 0
  SpatializePostEffects: 0
  Priority: 128
  DopplerLevel: 1
  MinDistance: 1
  MaxDistance: 500
  Pan2D: 0
  rolloffMode: 0
  BypassEffects: 0
  BypassListenerEffects: 0
  BypassReverbZones: 0
  rolloffCustomCurve:
    serializedVersion: 2
    m_Curve:
    - serializedVersion: 3
      time: 0
      value: 1
      inSlope: 0
      outSlope: 0
      tangentMode: 0
      weightedMode: 0
      inWeight: 0.33333334
      outWeight: 0.33333334
    - serializedVersion: 3
      time: 1
      value: 0
      inSlope: 0
      outSlope: 0
      tangentMode: 0
      weightedMode: 0
      inWeight: 0.33333334
      outWeight: 0.33333334
    m_PreInfinity: 2
    m_PostInfinity: 2
    m_RotationOrder: 4
  panLevelCustomCurve:
    serializedVersion: 2
    m_Curve:
    - serializedVersion: 3
      time: 0
      value: 1
      inSlope: 0
      outSlope: 0
      tangentMode: 0
      weightedMode: 0
      inWeight: 0.33333334
      outWeight: 0.33333334
    m_PreInfinity: 2
    m_PostInfinity: 2
    m_RotationOrder: 0
  spreadCustomCurve:
    serializedVersion: 2
    m_Curve:
    - serializedVersion: 3
      time: 0
      value: 0
      inSlope: 0
      outSlope: 0
      tangentMode: 0
      weightedMode: 0
      inWeight: 0.33333334
      outWeight: 0.33333334
    m_PreInfinity: 2
    m_PostInfinity: 2
    m_RotationOrder: 4
  reverbZoneMixCustomCurve:
    serializedVersion: 2
    m_Curve:
    - serializedVersion: 3
      time: 0
      value: 1
      inSlope: 0
      outSlope: 0
      tangentMode: 0
      weightedMode: 0
      inWeight: 0.33333334
      outWeight: 0.33333334
    m_PreInfinity: 2
    m_PostInfinity: 2
    m_RotationOrder: 0
--- !u!114 &2682870645383465181
MonoBehaviour:
  m_ObjectHideFlags: 0
  m_CorrespondingSourceObject: {fileID: 0}
  m_PrefabInstance: {fileID: 0}
  m_PrefabAsset: {fileID: 0}
  m_GameObject: {fileID: 2682870646561402571}
  m_Enabled: 1
  m_EditorHideFlags: 0
  m_Script: {fileID: 11500000, guid: 017ce04a8c8dbf941991e2c66a5dc292, type: 3}
  m_Name: 
  m_EditorClassIdentifier: 
  animationFPSController: {fileID: 1017328575}
  coolDownMace: 0.6
  wallToPut: {fileID: 2032049795455553865}
  wall: {fileID: 0}
  coolDownWall: 20
  timeWallActive: 10
  timeToActiveMagicWall: 0
  particle: {fileID: 100006, guid: 60bc526f4be1e044ab9e46340b82ffb3, type: 3}
  miniboss: {fileID: 0}
  bandidoAttack: 0
  coolDownInvisibility: 40
  timeInvisibleActive: 8
  timeToActiveInvisibility: 0
  isMagic2Active: 0
  wallUnlocked: {fileID: 0}
  invisibleUnlocked: {fileID: 0}
  invisActive: 0
  isAttacking: 0
  attackChoseLeftHand: 0
--- !u!1001 &2682870645382633483
PrefabInstance:
  m_ObjectHideFlags: 0
  serializedVersion: 2
  m_Modification:
    m_TransformParent: {fileID: 2682870644814871720}
    m_Modifications:
    - target: {fileID: 4109589802596321602, guid: 98fee72f2fa5a8140b58f623b31ef67b,
        type: 3}
      propertyPath: m_Name
      value: WallToPut Variant
      objectReference: {fileID: 0}
    - target: {fileID: 4109589802596554080, guid: 98fee72f2fa5a8140b58f623b31ef67b,
        type: 3}
      propertyPath: m_LocalPosition.x
      value: 0
      objectReference: {fileID: 0}
    - target: {fileID: 4109589802596554080, guid: 98fee72f2fa5a8140b58f623b31ef67b,
        type: 3}
      propertyPath: m_LocalPosition.z
      value: -0.7
      objectReference: {fileID: 0}
    - target: {fileID: 4109589802596554082, guid: 98fee72f2fa5a8140b58f623b31ef67b,
        type: 3}
      propertyPath: m_LocalPosition.x
      value: 0
      objectReference: {fileID: 0}
    - target: {fileID: 4109589802596554082, guid: 98fee72f2fa5a8140b58f623b31ef67b,
        type: 3}
      propertyPath: m_LocalPosition.y
      value: -1.25
      objectReference: {fileID: 0}
    - target: {fileID: 4109589802596554082, guid: 98fee72f2fa5a8140b58f623b31ef67b,
        type: 3}
      propertyPath: m_LocalPosition.z
      value: 14.120001
      objectReference: {fileID: 0}
    - target: {fileID: 4109589802596554082, guid: 98fee72f2fa5a8140b58f623b31ef67b,
        type: 3}
      propertyPath: m_LocalRotation.x
      value: 0
      objectReference: {fileID: 0}
    - target: {fileID: 4109589802596554082, guid: 98fee72f2fa5a8140b58f623b31ef67b,
        type: 3}
      propertyPath: m_LocalRotation.y
      value: -0
      objectReference: {fileID: 0}
    - target: {fileID: 4109589802596554082, guid: 98fee72f2fa5a8140b58f623b31ef67b,
        type: 3}
      propertyPath: m_LocalRotation.z
      value: -0
      objectReference: {fileID: 0}
    - target: {fileID: 4109589802596554082, guid: 98fee72f2fa5a8140b58f623b31ef67b,
        type: 3}
      propertyPath: m_LocalRotation.w
      value: 1
      objectReference: {fileID: 0}
    - target: {fileID: 4109589802596554082, guid: 98fee72f2fa5a8140b58f623b31ef67b,
        type: 3}
      propertyPath: m_RootOrder
      value: 1
      objectReference: {fileID: 0}
    - target: {fileID: 4109589802596554082, guid: 98fee72f2fa5a8140b58f623b31ef67b,
        type: 3}
      propertyPath: m_LocalEulerAnglesHint.x
      value: 0
      objectReference: {fileID: 0}
    - target: {fileID: 4109589802596554082, guid: 98fee72f2fa5a8140b58f623b31ef67b,
        type: 3}
      propertyPath: m_LocalEulerAnglesHint.y
      value: 0
      objectReference: {fileID: 0}
    - target: {fileID: 4109589802596554082, guid: 98fee72f2fa5a8140b58f623b31ef67b,
        type: 3}
      propertyPath: m_LocalEulerAnglesHint.z
      value: 0
      objectReference: {fileID: 0}
    - target: {fileID: 4109589802596554082, guid: 98fee72f2fa5a8140b58f623b31ef67b,
        type: 3}
      propertyPath: m_LocalScale.x
      value: 0.5
      objectReference: {fileID: 0}
    - target: {fileID: 4109589802596554082, guid: 98fee72f2fa5a8140b58f623b31ef67b,
        type: 3}
      propertyPath: m_LocalScale.y
      value: 0.5
      objectReference: {fileID: 0}
    - target: {fileID: 4109589802596554082, guid: 98fee72f2fa5a8140b58f623b31ef67b,
        type: 3}
      propertyPath: m_LocalScale.z
      value: 0.5
      objectReference: {fileID: 0}
    m_RemovedComponents: []
  m_SourcePrefab: {fileID: 100100000, guid: 98fee72f2fa5a8140b58f623b31ef67b, type: 3}
--- !u!1 &2032049795455553865 stripped
GameObject:
  m_CorrespondingSourceObject: {fileID: 4109589802596321602, guid: 98fee72f2fa5a8140b58f623b31ef67b,
    type: 3}
  m_PrefabInstance: {fileID: 2682870645382633483}
  m_PrefabAsset: {fileID: 0}
--- !u!4 &2032049795455978857 stripped
Transform:
  m_CorrespondingSourceObject: {fileID: 4109589802596554082, guid: 98fee72f2fa5a8140b58f623b31ef67b,
    type: 3}
  m_PrefabInstance: {fileID: 2682870645382633483}
  m_PrefabAsset: {fileID: 0}
--- !u!1001 &5563567135806769736
PrefabInstance:
  m_ObjectHideFlags: 0
  serializedVersion: 2
  m_Modification:
    m_TransformParent: {fileID: 2682870645584873690}
    m_Modifications:
    - target: {fileID: 4912999340150809063, guid: 2cc15cecbfd9ece49ab18f3423d45523,
        type: 3}
      propertyPath: m_Controller
      value: 
      objectReference: {fileID: 9100000, guid: 08ae6b2c197b9844badf21e938dfe64f, type: 2}
    - target: {fileID: 5653314615360122975, guid: 2cc15cecbfd9ece49ab18f3423d45523,
        type: 3}
      propertyPath: m_Name
      value: FirstWand
      objectReference: {fileID: 0}
    - target: {fileID: 7259615901691329003, guid: 2cc15cecbfd9ece49ab18f3423d45523,
        type: 3}
      propertyPath: m_LocalPosition.x
      value: 0.5790138
      objectReference: {fileID: 0}
    - target: {fileID: 7259615901691329003, guid: 2cc15cecbfd9ece49ab18f3423d45523,
        type: 3}
      propertyPath: m_LocalPosition.y
      value: -0.50979215
      objectReference: {fileID: 0}
    - target: {fileID: 7259615901691329003, guid: 2cc15cecbfd9ece49ab18f3423d45523,
        type: 3}
      propertyPath: m_LocalPosition.z
      value: 1.1589661
      objectReference: {fileID: 0}
    - target: {fileID: 7259615901691329003, guid: 2cc15cecbfd9ece49ab18f3423d45523,
        type: 3}
      propertyPath: m_LocalRotation.x
      value: -0.0251967
      objectReference: {fileID: 0}
    - target: {fileID: 7259615901691329003, guid: 2cc15cecbfd9ece49ab18f3423d45523,
        type: 3}
      propertyPath: m_LocalRotation.y
      value: -0.71157444
      objectReference: {fileID: 0}
    - target: {fileID: 7259615901691329003, guid: 2cc15cecbfd9ece49ab18f3423d45523,
        type: 3}
      propertyPath: m_LocalRotation.z
      value: 0.015832543
      objectReference: {fileID: 0}
    - target: {fileID: 7259615901691329003, guid: 2cc15cecbfd9ece49ab18f3423d45523,
        type: 3}
      propertyPath: m_LocalRotation.w
      value: 0.7019803
      objectReference: {fileID: 0}
    - target: {fileID: 7259615901691329003, guid: 2cc15cecbfd9ece49ab18f3423d45523,
        type: 3}
      propertyPath: m_RootOrder
      value: 0
      objectReference: {fileID: 0}
    - target: {fileID: 7259615901691329003, guid: 2cc15cecbfd9ece49ab18f3423d45523,
        type: 3}
      propertyPath: m_LocalEulerAnglesHint.x
      value: -0.73600006
      objectReference: {fileID: 0}
    - target: {fileID: 7259615901691329003, guid: 2cc15cecbfd9ece49ab18f3423d45523,
        type: 3}
      propertyPath: m_LocalEulerAnglesHint.y
      value: -90.799
      objectReference: {fileID: 0}
    - target: {fileID: 7259615901691329003, guid: 2cc15cecbfd9ece49ab18f3423d45523,
        type: 3}
      propertyPath: m_LocalEulerAnglesHint.z
      value: 3.3300002
      objectReference: {fileID: 0}
    - target: {fileID: 7259615901691329003, guid: 2cc15cecbfd9ece49ab18f3423d45523,
        type: 3}
      propertyPath: m_LocalScale.x
      value: 0.5
      objectReference: {fileID: 0}
    - target: {fileID: 7259615901691329003, guid: 2cc15cecbfd9ece49ab18f3423d45523,
        type: 3}
      propertyPath: m_LocalScale.y
      value: 0.5
      objectReference: {fileID: 0}
    - target: {fileID: 7259615901691329003, guid: 2cc15cecbfd9ece49ab18f3423d45523,
        type: 3}
      propertyPath: m_LocalScale.z
      value: 0.5
      objectReference: {fileID: 0}
    m_RemovedComponents: []
  m_SourcePrefab: {fileID: 100100000, guid: 2cc15cecbfd9ece49ab18f3423d45523, type: 3}
--- !u!4 &2993368618707350435 stripped
Transform:
  m_CorrespondingSourceObject: {fileID: 7259615901691329003, guid: 2cc15cecbfd9ece49ab18f3423d45523,
    type: 3}
  m_PrefabInstance: {fileID: 5563567135806769736}
  m_PrefabAsset: {fileID: 0}
--- !u!95 &656320530758380463 stripped
Animator:
  m_CorrespondingSourceObject: {fileID: 4912999340150809063, guid: 2cc15cecbfd9ece49ab18f3423d45523,
    type: 3}
  m_PrefabInstance: {fileID: 5563567135806769736}
  m_PrefabAsset: {fileID: 0}
